<collection xmlns="http://www.loc.gov/MARC21/slim">
<record>
  <leader>01001nam0a2200241 i 450 </leader>
  <controlfield tag="001">IT\ICCU\CNCE\010696</controlfield>
  <controlfield tag="005">20070913000000.0</controlfield>
  <datafield tag="012" ind1=" " ind2=" ">
    <subfield code="a">z:tu o.te t-ji hio: (C) 1526 (R)</subfield>
    <subfield code="2">fei</subfield>
  </datafield>
  <datafield tag="100" ind1=" " ind2=" ">
    <subfield code="a">19970101d1526        0itac0103    ba</subfield>
  </datafield>
  <datafield tag="101" ind1=" " ind2=" ">
    <subfield code="a">ITA</subfield>
  </datafield>
  <datafield tag="102" ind1=" " ind2=" ">
    <subfield code="a">IT</subfield>
  </datafield>
  <datafield tag="200" ind1="1" ind2=" ">
    <subfield code="a">℗Il ℗modo d&apos;imparare di scriuere lettera merchantescha ... composto per lo ingenioso maistro Eustachio Cellebrino ...</subfield>
  </datafield>
  <datafield tag="210" ind1=" " ind2=" ">
    <subfield code="d">1526</subfield>
    <subfield code="e">\Venezia!</subfield>
    <subfield code="g">Eus Cellebrino</subfield>
    <subfield code="h">1525</subfield>
  </datafield>
  <datafield tag="215" ind1=" " ind2=" ">
    <subfield code="a">\4! c.</subfield>
    <subfield code="c">ill.</subfield>
    <subfield code="d">8ʻ</subfield>
  </datafield>
  <datafield tag="300" ind1=" " ind2=" ">
    <subfield code="a">Opuscolo xilografico</subfield>
  </datafield>
  <datafield tag="620" ind1=" " ind2=" ">
    <subfield code="a">IT</subfield>
    <subfield code="d">Venezia</subfield>
  </datafield>
  <datafield tag="700" ind1=" " ind2="1">
    <subfield code="a">Celebrino,</subfield>
    <subfield code="b">Eustachio</subfield>
    <subfield code="3">IT\ICCU\CNCA\002893</subfield>
  </datafield>
  <datafield tag="712" ind1="0" ind2="0">
    <subfield code="a">Celebrino, Eustachio</subfield>
    <subfield code="3">IT\ICCU\CNCT\000798</subfield>
    <subfield code="4">650</subfield>
  </datafield>
  <datafield tag="790" ind1=" " ind2="1">
    <subfield code="a">Cellebrino,</subfield>
    <subfield code="b">Eustachio</subfield>
    <subfield code="3">IT\ICCU\CNCA\002894</subfield>
    <subfield code="z">Celebrino, Eustachio</subfield>
  </datafield>
  <datafield tag="790" ind1=" " ind2="0">
    <subfield code="a">Eustachius</subfield>
    <subfield code="c"> : Utinensis</subfield>
    <subfield code="3">IT\ICCU\CNCA\013119</subfield>
    <subfield code="z">Celebrino, Eustachio</subfield>
  </datafield>
  <datafield tag="791" ind1="0" ind2="0">
    <subfield code="a">Cellebrino, Eustachio</subfield>
    <subfield code="3">IT\ICCU\CNCT\004574</subfield>
    <subfield code="z">Celebrino, Eustachio</subfield>
  </datafield>
  <datafield tag="801" ind1=" " ind2="3">
    <subfield code="a">IT</subfield>
    <subfield code="b">ICCU</subfield>
    <subfield code="c">20201113</subfield>
  </datafield>
  <datafield tag="899" ind1=" " ind2=" ">
    <subfield code="a">Biblioteca universitaria Alessandrina. Roma</subfield>
    <subfield code="1">RM0280</subfield>
    <subfield code="2">RML 01</subfield>
  </datafield>
</record>
</collection>
